@BOOK{PFH1E,
author = {Lode, Clemens}, 
title = {Philosophy for Heroes: Knowledge},
keywords = {recommendedEN},
isbn = {978-39-4558-621-1},
publisher = {Clemens Lode Verlag e.K.},
year = {2016},
type = {Book},
subjects = {Philosophy; Linguistics},
howpublished={https://www.amazon.com/Philosophy-Heroes-Knowledge-Clemens-Lode/dp/3945586216}}


@BOOK{ifyouwanttowrite,
author = {Ueland, Brenda},
title = {If You Want to Write: A Book about Art, Independence and Spirit},
isbn = {978-80-8783-058-1},
year = {2012},
type = {Book},
publisher = {Important Books}
}

@BOOK{dybny,
author = {Lode, Clemens}, 
title = {Does Your Brain Need You? An Introduction to Neuroscience and Consciousness},
keywords = {recommendedEN},
isbn = {978-3945586419},
publisher = {Clemens Lode Verlag e.K.},
year = {2020},
type = {Book},
howpublished={https://www.amazon.com/Does-Your-Brain-Need-Consciousness-ebook/dp/B08G1VB22P}}


@BOOK{lastunicorn2,
author = {Beagle, Peter S.},
title = {The Last Unicorn},
keywords = {recommendedEN},
year = {1991},
publisher = {Roc Trade},
isbn = {045145052-3},
type = {Book}
}

@BOOK{eBBWLtAW,
author = {Lode, Clemens}, 
title = {Even Better Books with LaTeX the Agile Way in 2023},
keywords = { },
isbn = {978-3-945586-61-7},
publisher = {Clemens Lode Verlag e.K.},
year = {2023},
type = {Book},
subjects = {Publishing; Marketing; Project Management},
howpublished ={https://www.amazon.com/Better-Books-LaTeX-Agile-Book-ebook/dp/B0BMZJ5LF7/}
}
